@misc{ng2014cs229,
  title={CS229 Machine Learning: Lecture Notes},
  author={Ng, Andrew},
  year={2014},
  publisher={Stanford University}
}
